@article{geng2013three,
  title={Three-dimensional display technologies},
  author={Geng, Jason},
  journal={Advances in optics and photonics},
  volume={5},
  number={4},
  pages={456--535},
  year={2013},
  publisher={Optical Society of America}
}

@article{hoffman2008vergence,
  title={Vergence--accommodation conflicts hinder visual performance and cause visual fatigue},
  author={Hoffman, David M and Girshick, Ahna R and Akeley, Kurt and Banks, Martin S},
  journal={Journal of vision},
  volume={8},
  number={3},
  pages={33--33},
  year={2008},
  publisher={The Association for Research in Vision and Ophthalmology}
}

@article{hu2014high,
  title={High-resolution optical see-through multi-focal-plane head-mounted display using freeform optics},
  author={Hu, Xinda and Hua, Hong},
  journal={Optics express},
  volume={22},
  number={11},
  pages={13896--13903},
  year={2014},
  publisher={Optical Society of America}
}

@article{hu2014design,
  title={Design and assessment of a depth-fused multi-focal-plane display prototype},
  author={Hu, Xinda and Hua, Hong},
  journal={Journal of Display Technology},
  volume={10},
  number={4},
  pages={308--316},
  year={2014},
  publisher={IEEE}
}

@article{hua20143d,
  title={A 3D integral imaging optical see-through head-mounted display},
  author={Hua, Hong and Javidi, Bahram},
  journal={Optics express},
  volume={22},
  number={11},
  pages={13484--13491},
  year={2014},
  publisher={Optical Society of America}
}

@book{grzegorzek2013time,
  title={Time-of-Flight and Depth Imaging. Sensors, Algorithms and Applications: Dagstuhl Seminar 2012 and GCPR Workshop on Imaging New Modalities},
  author={Grzegorzek, Marcin and Theobalt, Christian and Koch, Reinhard and Kolb, Andreas},
  volume={8200},
  year={2013},
  publisher={Springer}
}

@inproceedings{llull2015design,
  title={Design and optimization of a near-eye multifocal display system for augmented reality},
  author={Llull, Patrick and Bedard, Noah and Wu, Wanmin and Tosic, Ivana and Berkner, Kathrin and Balram, Nikhil},
  booktitle={Propagation through and Characterization of Distributed Volume Turbulence and Atmospheric Phenomena},
  pages={JTH3A--5},
  year={2015},
  organization={Optical Society of America}
}

@misc{reichow2014three,
  title={Three dimensional display with multiplane image display elements},
  author={Reichow, Mark A and Joseph, Daniel M},
  year={2014},
  month=feb # "~11",
  publisher={Google Patents},
  note={US Patent 8,646,917}
}

@article{di2007computer,
  title={Computer generation of optimal holograms for optical trap arrays},
  author={Di Leonardo, Roberto and Ianni, Francesca and Ruocco, Giancarlo},
  journal={Optics Express},
  volume={15},
  number={4},
  pages={1913--1922},
  year={2007},
  publisher={Optical Society of America}
}

@article{bianchi2010real,
  title={Real-time optical micro-manipulation using optimized holograms generated on the GPU},
  author={Bianchi, S and Di Leonardo, R},
  journal={Computer Physics Communications},
  volume={181},
  number={8},
  pages={1444--1448},
  year={2010},
  publisher={Elsevier}
}

@article{ravikumar2011creating,
  title={Creating effective focus cues in multi-plane 3D displays},
  author={Ravikumar, Sowmya and Akeley, Kurt and Banks, Martin S},
  journal={Optics express},
  volume={19},
  number={21},
  pages={20940--20952},
  year={2011},
  publisher={Optical Society of America}
}

@article{sinha2004imaging,
  title={Imaging using volume holograms},
  author={Sinha, Arnab and Barbastathis, George and Liu, Wenhai and Psaltis, Demetri},
  journal={Optical Engineering},
  volume={43},
  number={9},
  pages={1959--1972},
  year={2004},
  publisher={International Society for Optics and Photonics}
}

@article{luo2010simulations,
  title={Simulations and experiments of aperiodic and multiplexed gratings in volume holographic imaging systems},
  author={Luo, Yuan and Castro, Jose and Barton, Jennifer K and Kostuk, Raymond K and Barbastathis, George},
  journal={Optics express},
  volume={18},
  number={18},
  pages={19273--19285},
  year={2010},
  publisher={Optical Society of America}
}

@article{dalgarno2010multiplane,
  title={Multiplane imaging and three dimensional nanoscale particle tracking in biological microscopy},
  author={Dalgarno, Paul A and Dalgarno, Heather IC and Putoud, Aur{\'e}lie and Lambert, Robert and Paterson, Lynn and Logan, David C and Towers, David P and Warburton, Richard J and Greenaway, Alan H},
  journal={Optics express},
  volume={18},
  number={2},
  pages={877--884},
  year={2010},
  publisher={Optical Society of America}
}

@article{blanchard1999simultaneous,
  title={Simultaneous multiplane imaging with a distorted diffraction grating},
  author={Blanchard, Paul M and Greenaway, Alan H},
  journal={Applied optics},
  volume={38},
  number={32},
  pages={6692--6699},
  year={1999},
  publisher={Optical Society of America}
}
